@article{zhang2022variational,
  title     = {Variational quantum attacks threaten advanced encryption standard based symmetric cryptography},
  author    = {Zhang, J. and Liu, W. and Zheng, S. and et al.},
  aauthor   = {J. {Zhang} and W. {Liu} and S. {Zheng} and {et al.}},
  journal   = {Science China},
  year      = {2022}
}